@misc{kemp2024,
  title = {Digital 2024: Global Overview Report},
  author = {Kemp, Simon},
  year = {2024},
  month = {January},
  day = {31},
  url = {https://datareportal.com/reports/digital-2024-global-overview-report},
  note = {Accessed: 2024-11-03}
}

@misc{perrin2015,
  title = {Social Networking Usage: 2005-2015},
  author = {Perrin, Andrew},
  year = {2015},
  month = {October},
  day = {8},
  url = {https://www.secretintelligenceservice.org/wp-content/uploads/2016/02/PI_2015-10-08_Social-Networking-Usage-2005-2015_FINAL.pdf},
  note = {Accessed: 2024-11-03}
}

@article{kaplan2010,
  title = {The Early Bird Catches the News: Nine Things You Should Know About Micro-Blogging},
  author = {Kaplan, Andreas and Haenlein, Michael},
  journal = {ResearchGate},
  year = {2010},
  url = {https://www.researchgate.net/publication/223080854_The_early_bird_catches_the_news_Nine_things_you_should_know_about_micro-blogging},
  note = {Accessed: 2024-11-03}
}

@misc{oberlo2024,
  title = {How Many People Use Twitter?},
  author = {{Oberlo}},
  year = {2024},
  url = {https://www.oberlo.com/statistics/how-many-people-use-twitter},
  note = {Accessed: 2024-11-03}
}

@misc{sayce2019,
  title = {Number of Tweets Per Day 2019},
  author = {Sayce, David},
  year = {2019},
  url = {https://www.dsayce.com/social-media/tweets-day/},
  note = {Accessed: 2024-11-03}
}

@article{wankhade2022,
  title = {A Survey on Sentiment Analysis Methods, Applications, and Challenges},
  author = {Wankhade, Mayur and Annavarapu, Chandra Sekhara Rao and Kulkarni, Chaitanya},
  journal = {Artificial Intelligence Review},
  year = {2022},
  month = {February},
  day = {7},
  volume = {55},
  number = {6},
  pages = {2389-2412},
  doi = {10.1007/S10462-022-10144-1},
  url = {https://link.springer.com/article/10.1007/S10462-022-10144-1},
  note = {Accessed: 2024-11-03}
}

@misc{typefully2024,
  title = {Fake Tweet Generator},
  author = {{Typefully}},
  year = {2024},
  url = {https://typefully.com/tools/fake-tweet-generator},
  note = {Accessed: 2024-11-03}
}

@misc{metricool2024,
  title = {How to Tag on Twitter},
  author = {{Metricool}},
  year = {2024},
  url = {https://metricool.com/how-to-tag-on-twitter/},
  note = {Accessed: 2024-11-03}
}

@misc{kazanova_sentiment140,
  author       = {Kazanova},
  title        = {Sentiment140 Dataset},
  year         = {2017},
  url          = {https://www.kaggle.com/datasets/kazanova/sentiment140/data},
  note         = {Accessed: 2024-10-20}
}

@inproceedings{go2009twitter,
  author = {Go, A. and Bhayani, R. and Huang, L.},
  title = {Twitter Sentiment Classification Using Distant Supervision},
  booktitle = {CS224N Project Report},
  year = {2009},
  publisher = {Stanford University},
  volume = {1},
  pages = {12}
}

@misc{stanford_nlp_stemming_lemmatization,
  author       = {Stanford NLP Group},
  title        = {Stemming and Lemmatization},
  year         = {n.d.},
  url          = {https://nlp.stanford.edu/IR-book/html/htmledition/stemming-and-lemmatization-1.html},
  note         = {Accessed: 2024-10-20}
}

@misc{shervine_rnn_cheatsheet,
  author       = {Shervine Amidi},
  title        = {Recurrent Neural Networks Cheatsheet},
  year         = {2021},
  url          = {https://stanford.edu/~shervine/teaching/cs-230/cheatsheet-recurrent-neural-networks},
  note         = {Accessed: 2024-10-20}
}

@misc{huggingface_bert,
  author       = {Hugging Face},
  title        = {BERT Model Documentation},
  year         = {2024},
  url          = {https://huggingface.co/docs/transformers/en/model_doc/bert},
  note         = {Accessed: 2024-10-20}
}
@inproceedings{inproceedings,
author = {Temnikova, Irina and Castillo, Carlos and Org},
year = {2015},
month = {05},
title = {The Case for Readability of Crisis Communications in Social Media},
booktitle = {Proceedings of the 2015 ACM Conference on Human Factors in Computing Systems},
doi = {10.1145/2740908.2741718}
}

@article{DBLP:journals/corr/DhingraZFMC16,
  author       = {Bhuwan Dhingra and
                  Zhong Zhou and
                  Dylan J. Fitzpatrick and
                  Michael Muehl and
                  William W. Cohen},
  title        = {Tweet2Vec: Character-Based Distributed Representations for Social
                  Media},
  journal      = {CoRR},
  volume       = {abs/1605.03481},
  year         = {2016},
  url          = {http://arxiv.org/abs/1605.03481},
  eprinttype    = {arXiv},
  eprint       = {1605.03481},
  timestamp    = {Wed, 24 Mar 2021 17:21:24 +0100},
  biburl       = {https://dblp.org/rec/journals/corr/DhingraZFMC16.bib},
  bibsource    = {dblp computer science bibliography, https://dblp.org}
}

@misc{XUsernameRules,
  author       = {X},
  title        = {X Username Rules},
  year         = {2024},
  url          = {https://help.x.com/en/managing-your-account/x-username-rules},
  note         = {Accessed: 2024-11-05}
}

@article{LeriqueRoth2018,
  author    = {Lerique, S. and Roth, C.},
  title     = {The semantic drift of quotations in blogspace: A case study in short-term cultural evolution},
  journal   = {Cognitive Science},
  year      = {2018},
  volume    = {42},
  pages     = {188--219},
  doi       = {10.1111/cogs.12494}
}

@article{Liberman2012,
author = {Liberman, Kenneth},
year = {2012},
month = {05},
pages = {},
title = {Semantic Drift in Conversations},
volume = {35},
journal = {Human Studies},
doi = {10.1007/s10746-012-9225-1}
}

@article{thangaraj2015influence,
  title={The Influence of Netspeak on students' writing},
  author={Thangaraj, Shalini Raj and Maniam, Mahendran},
  journal={Journal of Education and Learning (EduLearn)},
  volume={9},
  number={1},
  pages={45--52},
  year={2015}
}

@article{raggett1997html,
  title={HTML 4.01 Specification},
  author={Raggett, Dave and Le Hors, Arnaud and Jacobs, Ian},
  journal={IETF HTML WG},
  year={1997}
}

@article{kannan2014preprocessing,
  title={Preprocessing techniques for text mining},
  author={Kannan, Subbu and Gurusamy, Vairaprakash and Vijayarani, S and Ilamathi, J and Nithya, Ms and Kannan, S and Gurusamy, V},
  journal={International Journal of Computer Science \& Communication Networks},
  volume={5},
  number={1},
  pages={7--16},
  year={2014}
}

@inproceedings{ghag2015,
  author = {Ghag, Kranti and Shah, Ketan},
  title = {Comparative Analysis of Effect of Stopwords Removal on Sentiment Classification},
  booktitle = {Proceedings of the 2015 International Conference on Communication, Control, and Computing Technologies (IC4)},
  year = {2015},
  month = {September},
  pages = {1--6},
  doi = {10.1109/IC4.2015.7375527},
  note = {Accessed: 2024-11-03}
}

@article{sarica2021,
  title = {Stopwords in Technical Language Processing},
  author = {Sarica, Serkan and Luo, Jun},
  journal = {PLoS ONE},
  year = {2021},
  volume = {16},
  number = {8},
  pages = {e0254937},
  doi = {10.1371/journal.pone.0254937},
  url = {https://doi.org/10.1371/journal.pone.0254937},
  note = {Accessed: 2024-11-03}
}

@article{khyani2021interpretation,
  title={An interpretation of lemmatization and stemming in natural language processing},
  author={Khyani, Divya and Siddhartha, BS and Niveditha, NM and Divya, BM},
  journal={Journal of University of Shanghai for Science and Technology},
  volume={22},
  number={10},
  pages={350--357},
  year={2021}
}

@article{usha2021,
  author = {G, Usha and M K, Priyan and Chandra Babu, Gokulnath and Karthick, Gayathri},
  title = {Sentiment Analysis on Twitter Data by Using Convolutional Neural Network (CNN) and Long Short Term Memory (LSTM)},
  journal = {arXiv},
  year = {2021},
  month = {February},
  doi = {10.21203/rs.3.rs-247154/v1},
  note = {Accessed: 2024-11-03}
}

@article{akuma2022,
  author = {Stephen, Akuma and Lubem, Tyosar and Adom, Isaac},
  title = {Comparing Bag of Words and TF-IDF with Different Models for Hate Speech Detection from Live Tweets},
  journal = {International Journal of Information Technology},
  year = {2022},
  volume = {14},
  number = {9},
  doi = {10.1007/s41870-022-01096-4},
  note = {Accessed: 2024-11-03}
}

@article{hochreiter1997long,
  title={Long Short-term Memory},
  author={Hochreiter, S},
  journal={Neural Computation MIT-Press},
  year={1997}
}

@article{hacohen2020influence,
  title={The influence of preprocessing on text classification using a bag-of-words representation},
  author={HaCohen-Kerner, Yaakov and Miller, Daniel and Yigal, Yair},
  journal={PloS one},
  volume={15},
  number={5},
  pages={e0232525},
  year={2020},
  publisher={Public Library of Science San Francisco, CA USA}
}

@article{WU201926,
title = {Hyperparameter Optimization for Machine Learning Models Based on Bayesian Optimizationb},
journal = {Journal of Electronic Science and Technology},
volume = {17},
number = {1},
pages = {26-40},
year = {2019},
issn = {1674-862X},
doi = {https://doi.org/10.11989/JEST.1674-862X.80904120},
url = {https://www.sciencedirect.com/science/article/pii/S1674862X19300047},
author = {Jia Wu and Xiu-Yun Chen and Hao Zhang and Li-Dong Xiong and Hang Lei and Si-Hao Deng}
}

@article{bergstra2012random,
  title={Random search for hyper-parameter optimization.},
  author={Bergstra, James and Bengio, Yoshua},
  journal={Journal of machine learning research},
  volume={13},
  number={2},
  year={2012}
}

@misc{google_ml_crash_course,
  author       = {Google Developers},
  title        = {Dividing Datasets},
  year         = {n.d.},
  url          = {https://developers.google.com/machine-learning/crash-course/overfitting/dividing-datasets},
  note         = {Accessed: 2024-11-07}
}

@article{grandini2020metrics,
  title={Metrics for multi-class classification: an overview},
  author={Grandini, Margherita and Bagli, Enrico and Visani, Giorgio},
  journal={arXiv preprint arXiv:2008.05756},
  year={2020}
}

@article{aleti2020stopwords,
  author    = {Sunil Aleti},
  title     = {Don't Blindly Remove Stopwords in Sentiment Analysis},
  year      = {2020},
  journal   = {DEV Community},
  url       = {https://dev.to/sunilaleti/don-t-blindly-remove-stopwords-in-sentiment-analysis-3nok},
  note      = {Accessed: 2024-11-09}
}