@misc{kazanova_sentiment140,
  author       = {Kazanova},
  title        = {Sentiment140 Dataset},
  year         = {2017},
  url          = {https://www.kaggle.com/datasets/kazanova/sentiment140/data},
  note         = {Accessed: 2024-10-20}
}
@inproceedings{go2009twitter,
  author = {Go, A. and Bhayani, R. and Huang, L.},
  title = {Twitter Sentiment Classification Using Distant Supervision},
  booktitle = {CS224N Project Report},
  year = {2009},
  publisher = {Stanford University},
  volume = {1},
  pages = {12}
}
@misc{stanford_nlp_stemming_lemmatization,
  author       = {Stanford NLP Group},
  title        = {Stemming and Lemmatization},
  year         = {n.d.},
  url          = {https://nlp.stanford.edu/IR-book/html/htmledition/stemming-and-lemmatization-1.html},
  note         = {Accessed: 2024-10-20}
}
@misc{shervine_rnn_cheatsheet,
  author       = {Shervine Amidi},
  title        = {Recurrent Neural Networks Cheatsheet},
  year         = {2021},
  url          = {https://stanford.edu/~shervine/teaching/cs-230/cheatsheet-recurrent-neural-networks},
  note         = {Accessed: 2024-10-20}
}
@misc{huggingface_bert,
  author       = {Hugging Face},
  title        = {BERT Model Documentation},
  year         = {2024},
  url          = {https://huggingface.co/docs/transformers/en/model_doc/bert},
  note         = {Accessed: 2024-10-20}
}